PokerStars Hand #212112568897:  Hold'em No Limit ($0.01/$0.02 USD) - 2020/04/16 13:44:08 ET
Table 'Kepler II' 9-max Seat #2 is the button
Seat 1: judgeDread33 ($3.42 in chips)
Seat 2: harps84 ($3.24 in chips)
Seat 3: WinstonO84 ($1.17 in chips)
Seat 4: dboogaart ($6.12 in chips)
Seat 5: ady_alyn87 ($0.54 in chips)
Seat 6: pokerHero1 ($3.97 in chips)
Seat 7: 244Kairos ($2.17 in chips)
Seat 9: gizmondouk ($2 in chips)
WinstonO84: posts small blind $0.01
dboogaart: posts big blind $0.02
Electronikus: sits out
*** HOLE CARDS ***
Dealt to pokerHero1 [6s 7d]
ady_alyn87: folds
pokerHero1: folds
244Kairos: folds
gizmondouk: folds
judgeDread33: calls $0.02
harps84: raises $0.03 to $0.05
WinstonO84: folds
dboogaart: calls $0.03
judgeDread33: calls $0.03
*** FLOP *** [4d Ts Jc]
dboogaart: bets $0.10
judgeDread33: folds
harps84: calls $0.10
*** TURN *** [4d Ts Jc] [Ks]
dboogaart: bets $0.26
harps84: folds
Uncalled bet ($0.26) returned to dboogaart
dboogaart collected $0.35 from pot
dboogaart: doesn't show hand
*** SUMMARY ***
Total pot $0.36 | Rake $0.01
Board [4d Ts Jc Ks]
Seat 1: judgeDread33 folded on the Flop
Seat 2: harps84 (button) folded on the Turn
Seat 3: WinstonO84 (small blind) folded before Flop
Seat 4: dboogaart (big blind) collected ($0.35)
Seat 5: ady_alyn87 folded before Flop (didn't bet)
Seat 6: pokerHero1 folded before Flop (didn't bet)
Seat 7: 244Kairos folded before Flop (didn't bet)
Seat 9: gizmondouk folded before Flop (didn't bet)



PokerStars Hand #212112636496:  Hold'em No Limit ($0.01/$0.02 USD) - 2020/04/16 13:45:13 ET
Table 'Kepler II' 9-max Seat #3 is the button
Seat 1: judgeDread33 ($3.37 in chips)
Seat 2: harps84 ($3.09 in chips)
Seat 3: WinstonO84 ($1.16 in chips)
Seat 4: dboogaart ($6.32 in chips)
Seat 5: ady_alyn87 ($0.54 in chips)
Seat 6: pokerHero1 ($3.97 in chips)
Seat 9: gizmondouk ($2 in chips)
dboogaart: posts small blind $0.01
ady_alyn87: posts big blind $0.02
Electronikus: sits out
*** HOLE CARDS ***
Dealt to pokerHero1 [3s 6d]
pokerHero1: folds
gizmondouk: folds
judgeDread33: calls $0.02
harps84: calls $0.02
WinstonO84: calls $0.02
dboogaart: folds
ady_alyn87: checks
*** FLOP *** [Kc 5d Kd]
ady_alyn87: checks
judgeDread33: checks
harps84: bets $0.03
WinstonO84: folds
ady_alyn87: folds
judgeDread33: calls $0.03
*** TURN *** [Kc 5d Kd] [Kh]
judgeDread33: checks
harps84: bets $0.04
judgeDread33: calls $0.04
*** RIVER *** [Kc 5d Kd Kh] [Ks]
judgeDread33: checks
harps84: bets $0.12
judgeDread33: folds
Uncalled bet ($0.12) returned to harps84
harps84 collected $0.22 from pot
*** SUMMARY ***
Total pot $0.23 | Rake $0.01
Board [Kc 5d Kd Kh Ks]
Seat 1: judgeDread33 folded on the River
Seat 2: harps84 collected ($0.22)
Seat 3: WinstonO84 (button) folded on the Flop
Seat 4: dboogaart (small blind) folded before Flop
Seat 5: ady_alyn87 (big blind) folded on the Flop
Seat 6: pokerHero1 folded before Flop (didn't bet)
Seat 9: gizmondouk folded before Flop (didn't bet)



PokerStars Hand #212112702193:  Hold'em No Limit ($0.01/$0.02 USD) - 2020/04/16 13:46:15 ET
Table 'Kepler II' 9-max Seat #4 is the button
Seat 1: judgeDread33 ($3.28 in chips)
Seat 2: harps84 ($3.22 in chips)
Seat 3: WinstonO84 ($1.14 in chips)
Seat 4: dboogaart ($6.31 in chips)
Seat 5: ady_alyn87 ($0.52 in chips)
Seat 6: pokerHero1 ($3.97 in chips)
Seat 9: gizmondouk ($2 in chips)
ady_alyn87: posts small blind $0.01
pokerHero1: posts big blind $0.02
Electronikus: sits out
*** HOLE CARDS ***
Dealt to pokerHero1 [5c 9h]
gizmondouk: folds
judgeDread33: calls $0.02
harps84: calls $0.02
WinstonO84: folds
dboogaart: folds
ady_alyn87: calls $0.01
pokerHero1: checks
*** FLOP *** [3c Jh 5d]
ady_alyn87: checks
pokerHero1: checks
judgeDread33: checks
harps84: checks
*** TURN *** [3c Jh 5d] [6h]
ady_alyn87: checks
pokerHero1: checks
judgeDread33: checks
harps84: checks
*** RIVER *** [3c Jh 5d 6h] [7d]
ady_alyn87: checks
pokerHero1: checks
judgeDread33: checks
harps84: checks
*** SHOW DOWN ***
ady_alyn87: shows [6c 2h] (a pair of Sixes)
pokerHero1: mucks hand
judgeDread33: mucks hand
harps84: shows [7c 8d] (a pair of Sevens)
harps84 collected $0.08 from pot
*** SUMMARY ***
Total pot $0.08 | Rake $0
Board [3c Jh 5d 6h 7d]
Seat 1: judgeDread33 mucked [Th 9c]
Seat 2: harps84 showed [7c 8d] and won ($0.08) with a pair of Sevens
Seat 3: WinstonO84 folded before Flop (didn't bet)
Seat 4: dboogaart (button) folded before Flop (didn't bet)
Seat 5: ady_alyn87 (small blind) showed [6c 2h] and lost with a pair of Sixes
Seat 6: pokerHero1 (big blind) mucked [5c 9h]
Seat 9: gizmondouk folded before Flop (didn't bet)



PokerStars Hand #212112753821:  Hold'em No Limit ($0.01/$0.02 USD) - 2020/04/16 13:47:00 ET
Table 'Kepler II' 9-max Seat #5 is the button
Seat 1: judgeDread33 ($3.26 in chips)
Seat 2: harps84 ($3.28 in chips)
Seat 3: WinstonO84 ($1.14 in chips)
Seat 4: dboogaart ($6.31 in chips)
Seat 5: ady_alyn87 ($0.50 in chips)
Seat 6: pokerHero1 ($3.95 in chips)
Seat 8: Electronikus ($2.91 in chips)
Seat 9: gizmondouk ($2 in chips)
pokerHero1: posts small blind $0.01
Electronikus: posts big blind $0.02
*** HOLE CARDS ***
Dealt to pokerHero1 [Kc 5c]
gizmondouk: folds
judgeDread33: calls $0.02
harps84: folds
WinstonO84: calls $0.02
dboogaart: folds
ady_alyn87: folds
pokerHero1: calls $0.01
Electronikus: checks
*** FLOP *** [Qs 6c 2h]
pokerHero1: checks
Electronikus: checks
judgeDread33: checks
WinstonO84: bets $0.06
pokerHero1: folds
Electronikus: folds
judgeDread33: folds
Uncalled bet ($0.06) returned to WinstonO84
WinstonO84 collected $0.08 from pot
WinstonO84: doesn't show hand
*** SUMMARY ***
Total pot $0.08 | Rake $0
Board [Qs 6c 2h]
Seat 1: judgeDread33 folded on the Flop
Seat 2: harps84 folded before Flop (didn't bet)
Seat 3: WinstonO84 collected ($0.08)
Seat 4: dboogaart folded before Flop (didn't bet)
Seat 5: ady_alyn87 (button) folded before Flop (didn't bet)
Seat 6: pokerHero1 (small blind) folded on the Flop
Seat 8: Electronikus (big blind) folded on the Flop
Seat 9: gizmondouk folded before Flop (didn't bet)



PokerStars Hand #212112792579:  Hold'em No Limit ($0.01/$0.02 USD) - 2020/04/16 13:47:38 ET
Table 'Kepler II' 9-max Seat #6 is the button
Seat 1: judgeDread33 ($3.24 in chips)
Seat 2: harps84 ($3.28 in chips)
Seat 3: WinstonO84 ($1.20 in chips)
Seat 4: dboogaart ($6.31 in chips)
Seat 5: ady_alyn87 ($0.50 in chips)
Seat 6: pokerHero1 ($3.93 in chips)
Seat 8: Electronikus ($2.89 in chips)
Seat 9: gizmondouk ($2 in chips)
Electronikus: posts small blind $0.01
gizmondouk: posts big blind $0.02
*** HOLE CARDS ***
Dealt to pokerHero1 [2c Ts]
judgeDread33: raises $0.04 to $0.06
harps84: folds
WinstonO84: folds
dboogaart: folds
ady_alyn87: folds
pokerHero1: folds
Electronikus: folds
gizmondouk: folds
Uncalled bet ($0.04) returned to judgeDread33
judgeDread33 collected $0.05 from pot
judgeDread33: doesn't show hand
*** SUMMARY ***
Total pot $0.05 | Rake $0
Seat 1: judgeDread33 collected ($0.05)
Seat 2: harps84 folded before Flop (didn't bet)
Seat 3: WinstonO84 folded before Flop (didn't bet)
Seat 4: dboogaart folded before Flop (didn't bet)
Seat 5: ady_alyn87 folded before Flop (didn't bet)
Seat 6: pokerHero1 (button) folded before Flop (didn't bet)
Seat 8: Electronikus (small blind) folded before Flop
Seat 9: gizmondouk (big blind) folded before Flop



PokerStars Hand #212112807275:  Hold'em No Limit ($0.01/$0.02 USD) - 2020/04/16 13:47:52 ET
Table 'Kepler II' 9-max Seat #8 is the button
Seat 1: judgeDread33 ($3.27 in chips)
Seat 2: harps84 ($3.28 in chips)
Seat 3: WinstonO84 ($1.20 in chips)
Seat 4: dboogaart ($6.31 in chips)
Seat 5: ady_alyn87 ($0.50 in chips)
Seat 6: pokerHero1 ($3.93 in chips)
Seat 8: Electronikus ($2.88 in chips)
Seat 9: gizmondouk ($2 in chips)
gizmondouk: posts small blind $0.01
judgeDread33: posts big blind $0.02
*** HOLE CARDS ***
Dealt to pokerHero1 [4s Td]
harps84: folds
WinstonO84: folds
dboogaart: folds
ady_alyn87: folds
pokerHero1: folds
Electronikus: raises $0.04 to $0.06
gizmondouk: folds
judgeDread33: calls $0.04
*** FLOP *** [7h 7s 4c]
judgeDread33: checks
Electronikus: checks
*** TURN *** [7h 7s 4c] [8s]
judgeDread33: checks
Electronikus: checks
*** RIVER *** [7h 7s 4c 8s] [Tc]
judgeDread33: bets $0.06
Electronikus: folds
Uncalled bet ($0.06) returned to judgeDread33
judgeDread33 collected $0.13 from pot
judgeDread33: doesn't show hand
*** SUMMARY ***
Total pot $0.13 | Rake $0
Board [7h 7s 4c 8s Tc]
Seat 1: judgeDread33 (big blind) collected ($0.13)
Seat 2: harps84 folded before Flop (didn't bet)
Seat 3: WinstonO84 folded before Flop (didn't bet)
Seat 4: dboogaart folded before Flop (didn't bet)
Seat 5: ady_alyn87 folded before Flop (didn't bet)
Seat 6: pokerHero1 folded before Flop (didn't bet)
Seat 8: Electronikus (button) folded on the River
Seat 9: gizmondouk (small blind) folded before Flop



PokerStars Hand #212112853253:  Hold'em No Limit ($0.01/$0.02 USD) - 2020/04/16 13:48:36 ET
Table 'Kepler II' 9-max Seat #9 is the button
Seat 1: judgeDread33 ($3.34 in chips)
Seat 2: harps84 ($3.28 in chips)
Seat 3: WinstonO84 ($1.20 in chips)
Seat 4: dboogaart ($6.31 in chips)
Seat 5: ady_alyn87 ($0.50 in chips)
Seat 6: pokerHero1 ($3.93 in chips)
Seat 8: Electronikus ($2.82 in chips)
Seat 9: gizmondouk ($2 in chips)
judgeDread33: posts small blind $0.01
harps84: posts big blind $0.02
*** HOLE CARDS ***
Dealt to pokerHero1 [2s Qc]
WinstonO84: folds
dboogaart: folds
ady_alyn87: calls $0.02
pokerHero1 has timed out
pokerHero1: folds
Electronikus: folds
gizmondouk: raises $0.06 to $0.08
judgeDread33: folds
harps84: calls $0.06
ady_alyn87: folds
*** FLOP *** [9h Tc 3s]
harps84: checks
gizmondouk: bets $0.10
harps84: calls $0.10
*** TURN *** [9h Tc 3s] [6c]
harps84: checks
gizmondouk: checks
*** RIVER *** [9h Tc 3s 6c] [7d]
harps84: bets $0.24
gizmondouk: folds
Uncalled bet ($0.24) returned to harps84
harps84 collected $0.38 from pot
harps84: doesn't show hand
*** SUMMARY ***
Total pot $0.39 | Rake $0.01
Board [9h Tc 3s 6c 7d]
Seat 1: judgeDread33 (small blind) folded before Flop
Seat 2: harps84 (big blind) collected ($0.38)
Seat 3: WinstonO84 folded before Flop (didn't bet)
Seat 4: dboogaart folded before Flop (didn't bet)
Seat 5: ady_alyn87 folded before Flop
Seat 6: pokerHero1 folded before Flop (didn't bet)
Seat 8: Electronikus folded before Flop (didn't bet)
Seat 9: gizmondouk (button) folded on the River



PokerStars Hand #212112919848:  Hold'em No Limit ($0.01/$0.02 USD) - 2020/04/16 13:49:41 ET
Table 'Kepler II' 9-max Seat #1 is the button
Seat 1: judgeDread33 ($3.33 in chips)
Seat 2: harps84 ($3.48 in chips)
Seat 3: WinstonO84 ($1.20 in chips)
Seat 4: dboogaart ($6.31 in chips)
Seat 5: ady_alyn87 ($0.48 in chips)
Seat 6: pokerHero1 ($3.93 in chips)
Seat 8: Electronikus ($2.82 in chips)
Seat 9: gizmondouk ($2 in chips)
harps84: posts small blind $0.01
WinstonO84: posts big blind $0.02
*** HOLE CARDS ***
Dealt to pokerHero1 [4h Td]
dboogaart: folds
ady_alyn87: calls $0.02
pokerHero1: folds
Electronikus: raises $0.04 to $0.06
gizmondouk: folds
judgeDread33: calls $0.06
harps84: calls $0.05
WinstonO84: folds
ady_alyn87: calls $0.04
*** FLOP *** [Th Jh Qh]
harps84: checks
ady_alyn87: checks
Electronikus: checks
judgeDread33: checks
*** TURN *** [Th Jh Qh] [7h]
harps84: checks
ady_alyn87: checks
Electronikus: checks
judgeDread33: checks
*** RIVER *** [Th Jh Qh 7h] [3h]
harps84: checks
ady_alyn87: checks
Electronikus: checks
judgeDread33: checks
*** SHOW DOWN ***
harps84: shows [Qd Js] (a flush, Queen high)
ady_alyn87: shows [2h 2d] (a flush, Queen high)
Electronikus: shows [2c Ac] (a flush, Queen high)
judgeDread33: shows [5d 6c] (a flush, Queen high)
harps84 collected $0.07 from pot
ady_alyn87 collected $0.06 from pot
Electronikus collected $0.06 from pot
judgeDread33 collected $0.06 from pot
*** SUMMARY ***
Total pot $0.26 | Rake $0.01
Board [Th Jh Qh 7h 3h]
Seat 1: judgeDread33 (button) showed [5d 6c] and won ($0.06) with a flush, Queen high
Seat 2: harps84 (small blind) showed [Qd Js] and won ($0.07) with a flush, Queen high
Seat 3: WinstonO84 (big blind) folded before Flop
Seat 4: dboogaart folded before Flop (didn't bet)
Seat 5: ady_alyn87 showed [2h 2d] and won ($0.06) with a flush, Queen high
Seat 6: pokerHero1 folded before Flop (didn't bet)
Seat 8: Electronikus showed [2c Ac] and won ($0.06) with a flush, Queen high
Seat 9: gizmondouk folded before Flop (didn't bet)



PokerStars Hand #212112987749:  Hold'em No Limit ($0.01/$0.02 USD) - 2020/04/16 13:50:46 ET
Table 'Kepler II' 9-max Seat #2 is the button
Seat 1: judgeDread33 ($3.33 in chips)
Seat 2: harps84 ($3.49 in chips)
Seat 3: WinstonO84 ($1.18 in chips)
Seat 4: dboogaart ($6.31 in chips)
Seat 5: ady_alyn87 ($0.48 in chips)
Seat 6: pokerHero1 ($3.93 in chips)
Seat 8: Electronikus ($2.82 in chips)
Seat 9: gizmondouk ($2 in chips)
WinstonO84: posts small blind $0.01
dboogaart: posts big blind $0.02
*** HOLE CARDS ***
Dealt to pokerHero1 [Ts Qd]
ady_alyn87: calls $0.02
pokerHero1: folds
Electronikus: folds
gizmondouk: folds
judgeDread33: calls $0.02
harps84: raises $0.03 to $0.05
WinstonO84: calls $0.04
dboogaart: folds
ady_alyn87: calls $0.03
judgeDread33: calls $0.03
*** FLOP *** [Qc Td 7c]
WinstonO84: checks
ady_alyn87: checks
judgeDread33: checks
harps84: bets $0.16
WinstonO84: calls $0.16
ady_alyn87: folds
judgeDread33: folds
*** TURN *** [Qc Td 7c] [6c]
WinstonO84: bets $0.26
harps84: calls $0.26
*** RIVER *** [Qc Td 7c 6c] [6h]
WinstonO84: checks
harps84: checks
*** SHOW DOWN ***
WinstonO84: shows [9s 8s] (a straight, Six to Ten)
harps84: mucks hand
WinstonO84 collected $1.02 from pot
*** SUMMARY ***
Total pot $1.06 | Rake $0.04
Board [Qc Td 7c 6c 6h]
Seat 1: judgeDread33 folded on the Flop
Seat 2: harps84 (button) mucked [Qh Ah]
Seat 3: WinstonO84 (small blind) showed [9s 8s] and won ($1.02) with a straight, Six to Ten
Seat 4: dboogaart (big blind) folded before Flop
Seat 5: ady_alyn87 folded on the Flop
Seat 6: pokerHero1 folded before Flop (didn't bet)
Seat 8: Electronikus folded before Flop (didn't bet)
Seat 9: gizmondouk folded before Flop (didn't bet)



PokerStars Hand #212113056289:  Hold'em No Limit ($0.01/$0.02 USD) - 2020/04/16 13:51:52 ET
Table 'Kepler II' 9-max Seat #3 is the button
Seat 1: judgeDread33 ($3.28 in chips)
Seat 2: harps84 ($3.02 in chips)
Seat 3: WinstonO84 ($1.73 in chips)
Seat 4: dboogaart ($6.29 in chips)
Seat 5: ady_alyn87 ($0.43 in chips)
Seat 6: pokerHero1 ($3.93 in chips)
Seat 8: Electronikus ($2.82 in chips)
Seat 9: gizmondouk ($2 in chips)
dboogaart: posts small blind $0.01
ady_alyn87: posts big blind $0.02
*** HOLE CARDS ***
Dealt to pokerHero1 [Ks Qh]
pokerHero1: folds
Electronikus: folds
gizmondouk: folds
judgeDread33: calls $0.02
harps84: calls $0.02
WinstonO84: folds
dboogaart: raises $0.08 to $0.10
ady_alyn87: folds
judgeDread33: calls $0.08
harps84: calls $0.08
*** FLOP *** [2d 9c 5s]
dboogaart: checks
judgeDread33: checks
harps84: bets $0.09
dboogaart: calls $0.09
judgeDread33: calls $0.09
*** TURN *** [2d 9c 5s] [8h]
dboogaart: checks
judgeDread33: checks
harps84: checks
*** RIVER *** [2d 9c 5s 8h] [Jd]
dboogaart: checks
judgeDread33: checks
harps84: checks
*** SHOW DOWN ***
dboogaart: shows [Ac Kc] (high card Ace)
judgeDread33: shows [6d 8d] (a pair of Eights)
harps84: shows [Js Qd] (a pair of Jacks)
harps84 collected $0.57 from pot
*** SUMMARY ***
Total pot $0.59 | Rake $0.02
Board [2d 9c 5s 8h Jd]
Seat 1: judgeDread33 showed [6d 8d] and lost with a pair of Eights
Seat 2: harps84 showed [Js Qd] and won ($0.57) with a pair of Jacks
Seat 3: WinstonO84 (button) folded before Flop (didn't bet)
Seat 4: dboogaart (small blind) showed [Ac Kc] and lost with high card Ace
Seat 5: ady_alyn87 (big blind) folded before Flop
Seat 6: pokerHero1 folded before Flop (didn't bet)
Seat 8: Electronikus folded before Flop (didn't bet)
Seat 9: gizmondouk folded before Flop (didn't bet)



PokerStars Hand #212113131379:  Hold'em No Limit ($0.01/$0.02 USD) - 2020/04/16 13:52:59 ET
Table 'Kepler II' 9-max Seat #4 is the button
Seat 1: judgeDread33 ($3.09 in chips)
Seat 2: harps84 ($3.40 in chips)
Seat 3: WinstonO84 ($1.73 in chips)
Seat 4: dboogaart ($6.10 in chips)
Seat 5: ady_alyn87 ($0.41 in chips)
Seat 6: pokerHero1 ($3.93 in chips)
Seat 8: Electronikus ($2.82 in chips)
Seat 9: gizmondouk ($2 in chips)
ady_alyn87: posts small blind $0.01
pokerHero1: posts big blind $0.02
*** HOLE CARDS ***
Dealt to pokerHero1 [As 9d]
Electronikus: raises $0.04 to $0.06
gizmondouk: folds
judgeDread33: folds
harps84: folds
WinstonO84: folds
dboogaart: folds
ady_alyn87 has timed out
ady_alyn87: folds
pokerHero1: folds
Uncalled bet ($0.04) returned to Electronikus
Electronikus collected $0.05 from pot
Electronikus: doesn't show hand
*** SUMMARY ***
Total pot $0.05 | Rake $0
Seat 1: judgeDread33 folded before Flop (didn't bet)
Seat 2: harps84 folded before Flop (didn't bet)
Seat 3: WinstonO84 folded before Flop (didn't bet)
Seat 4: dboogaart (button) folded before Flop (didn't bet)
Seat 5: ady_alyn87 (small blind) folded before Flop
Seat 6: pokerHero1 (big blind) folded before Flop
Seat 8: Electronikus collected ($0.05)
Seat 9: gizmondouk folded before Flop (didn't bet)



